<?xml version="1.0" encoding="UTF-8"?><collection xmlns="http://www.loc.gov/MARC21/slim"><record><leader>00316nam--2200121-i-4500</leader><controlfield tag="001">000040765</controlfield><controlfield tag="002">20161230</controlfield><controlfield tag="005">20161230201042</controlfield><controlfield tag="008">060222s1000------------r-----000-0-eng-d</controlfield><datafield ind1=" " ind2=" " tag="100"><subfield code="a">Schure,Alexander</subfield></datafield><datafield ind1=" " ind2=" " tag="245"><subfield code="a">Semiconductors and transistors</subfield></datafield><datafield ind1=" " ind2=" " tag="260"><subfield code="a">New York, John F.Rider Publ.Inc.,1961. Vi + 138p</subfield></datafield><datafield ind1=" " ind2=" " tag="852"><subfield code="a">17059</subfield></datafield></record></collection>